../../../TexScripts/bibTex_Reference.bib